<?xml version="1.0" encoding="UTF-8"?>
<record xmlns="http://www.loc.gov/MARC21/slim">
  <leader>01933cam a2200325   4500</leader>
  <controlfield tag="001">cihm_92274</controlfield>
  <controlfield tag="003">CaSfIA</controlfield>
  <controlfield tag="005">20151008010651.0</controlfield>
  <controlfield tag="007">cr||||||||||||</controlfield>
  <controlfield tag="008">900712m18911894qucbh              ceng c</controlfield>
  <datafield tag="035" ind1=" " ind2=" ">
    <subfield code="a">ocn465001520</subfield>
  </datafield>
  <datafield tag="040" ind1=" " ind2=" ">
    <subfield code="b">eng</subfield>
    <subfield code="d">CaSfIA</subfield>
  </datafield>
  <datafield tag="043" ind1=" " ind2=" ">
    <subfield code="a">n-cn---</subfield>
  </datafield>
  <datafield tag="049" ind1=" " ind2=" ">
    <subfield code="a">QQL</subfield>
    <subfield code="b">eng</subfield>
  </datafield>
  <datafield tag="082" ind1=" " ind2="4">
    <subfield code="a">920/.071</subfield>
  </datafield>
  <datafield tag="090" ind1="0" ind2=" ">
    <subfield code="a">FC 25 H76 E5 1891</subfield>
  </datafield>
  <datafield tag="245" ind1="0" ind2="0">
    <subfield code="a">Men of the day :</subfield>
    <subfield code="h">[electronic resource] </subfield>
    <subfield code="b">a Canadian portrait gallery /</subfield>
    <subfield code="c">edited by Louis-H. Taché.</subfield>
  </datafield>
  <datafield tag="250" ind1=" " ind2=" ">
    <subfield code="a">Popular ed.</subfield>
  </datafield>
  <datafield tag="260" ind1="0" ind2=" ">
    <subfield code="a">Montréal :</subfield>
    <subfield code="b">Montreal Paper Mills Co.,</subfield>
    <subfield code="c">[1891-1894]</subfield>
  </datafield>
  <datafield tag="300" ind1=" " ind2=" ">
    <subfield code="a">32 pts. in 16 (507 p., [64] leaves of plates) :</subfield>
    <subfield code="b">facsims., ports. ;</subfield>
    <subfield code="c">22 cm.</subfield>
  </datafield>
  <datafield tag="500" ind1=" " ind2=" ">
    <subfield code="a">Publisher varies.</subfield>
  </datafield>
  <datafield tag="500" ind1=" " ind2=" ">
    <subfield code="a">French ed. available under title: Les hommes du jour.</subfield>
  </datafield>
  <datafield tag="505" ind1="0" ind2=" ">
    <subfield code="a">1. Sir John A. Macdonald-- 2. Wilfrid Laurier-- 3. Edward Blake-- 4. J.A. Chapleau-- 5. A.B. Routhier-- 6. Le Principal Grant-- 7. Sir Charles Tupper-- 8. Honoré Mercier-- 9. Le Cardinal Taschereau-- 10. Sir Oliver Mowat-- 11. Sir J.J.C. Abbott-- 12. Sir John Thompson-- 13. Joseph Alderic Ouimet--14. D'Alton McCarthy-- 15. Sir Richard J. Cartwright-- 16. A.R. Angers-- 17. George Airey Kirkpatrick-- 18. Sir Alexandre Lacoste-- 19. Sir Donald A. Smith-- 20. Wm. Ralph Meredith-- 21. Sir Leonard Tilley-- 22. Wm. Cornelius Van Horne-- 23. L.R. Masson-- 24. Charles H. Tupper-- 25. Louis Fréchette-- 26. John George Bourinot-- 27. Andrew George Blair-- 28. Joseph Marmette-- 29. Sir Joseph Hickson-- 30. John Costigan-- 31. Louis Olivier Taillon-- 32. Lewis James Seargeant.</subfield>
  </datafield>
  <datafield tag="596" ind1=" " ind2=" ">
    <subfield code="a">43</subfield>
  </datafield>
  <datafield tag="651" ind1=" " ind2="0">
    <subfield code="a">Canada</subfield>
    <subfield code="x">Biography.</subfield>
  </datafield>
  <datafield tag="700" ind1="1" ind2="0">
    <subfield code="a">Taché, Louis-H.,</subfield>
    <subfield code="d">1859-1927.</subfield>
  </datafield>
  <datafield tag="740" ind1="0" ind2="1">
    <subfield code="a">Hommes du jour.</subfield>
  </datafield>
  <datafield tag="039" ind1="0" ind2=" ">
    <subfield code="f">hs</subfield>
  </datafield>
  <datafield tag="856" ind1="4" ind2="1">
    <subfield code="u">http://archive.org/details/cihm_92274</subfield>
    <subfield code="z">Free eBook from the Internet Archive</subfield>
  </datafield>
</record>
